[gd_scene load_steps=10 format=3 uid="uid://c4jcmyknjxyp3"]

[ext_resource type="PackedScene" uid="uid://c5ifanb5pef3n" path="res://menu.tscn" id="1_nvek5"]
[ext_resource type="Script" path="res://menu_3d.gd" id="1_y6uj5"]
[ext_resource type="PackedScene" uid="uid://bors2gix0jm6e" path="res://objects/models/pacman/scene.gltf" id="3_0rlj7"]
[ext_resource type="PackedScene" uid="uid://1ypbkex6qiqk" path="res://objects/skybox/sky.tscn" id="3_n48af"]
[ext_resource type="PackedScene" uid="uid://bkjjgcinpel82" path="res://scenes/arcade_cabinet.gltf" id="3_s725g"]
[ext_resource type="PackedScene" uid="uid://c6qwa8dddu7ys" path="res://objects/models/scene.gltf" id="4_8twrf"]

[sub_resource type="ProceduralSkyMaterial" id="ProceduralSkyMaterial_aafk2"]
sky_top_color = Color(3.85046e-06, 0.704952, 0.988695, 1)
ground_bottom_color = Color(0.647059, 0.654902, 0.670588, 1)

[sub_resource type="Sky" id="Sky_hctob"]
sky_material = SubResource("ProceduralSkyMaterial_aafk2")

[sub_resource type="Environment" id="Environment_gjhc0"]
background_mode = 2
sky = SubResource("Sky_hctob")

[node name="Menu_3D" type="CanvasLayer"]

[node name="Node3D" type="Node3D" parent="."]
script = ExtResource("1_y6uj5")

[node name="Camera3D" type="Camera3D" parent="Node3D"]
transform = Transform3D(1, 0, 0, 0, 0.902908, 0.429834, 0, -0.429834, 0.902908, 0, 1.033, 2.24299)

[node name="WorldEnvironment" type="WorldEnvironment" parent="Node3D"]
environment = SubResource("Environment_gjhc0")

[node name="OmniLight3D" type="OmniLight3D" parent="Node3D"]
transform = Transform3D(1, 0, 0, 0, 1, 0, 0, 0, 1, 0, 0, 1.53414)

[node name="sky" parent="Node3D" instance=ExtResource("3_n48af")]
transform = Transform3D(50, 0, 0, 0, 50, 0, 0, 0, 50, 0, 0, 0)

[node name="spinner_01" type="Node3D" parent="Node3D"]
transform = Transform3D(1, 0, 0, 0, 1, 0, 0, 0, 1, 1.17371, -1.61807, -0.335913)

[node name="pacman" parent="Node3D/spinner_01" groups=["models"] instance=ExtResource("3_0rlj7")]
transform = Transform3D(0.04, 0, 0, 0, 0.04, 0, 0, 0, 0.04, 0, 0, 0)

[node name="arcade_cabinet" parent="Node3D/spinner_01" groups=["models"] instance=ExtResource("3_s725g")]
visible = false

[node name="retro_controller" parent="Node3D/spinner_01" groups=["models"] instance=ExtResource("4_8twrf")]
transform = Transform3D(0.568631, 0.185835, -0.0460893, -0.191465, 0.55191, -0.13688, 0, 0.144432, 0.582357, 0, 0.777554, 0)

[node name="menu" parent="." instance=ExtResource("1_nvek5")]
